@online{markov,
	title = {{Hidden Markov Models - An Introduction}},
	author = {{QuantStart}},
	url = {https://www.quantstart.com/articles/hidden-markov-models-an-introduction/},
	urldate = {2020-04-12},
	year = {2020}
}
@inproceedings{pascanu2013difficulty,
	title={On the difficulty of training recurrent neural networks},
	author={Pascanu, Razvan and Mikolov, Tomas and Bengio, Yoshua},
	booktitle={International conference on machine learning},
	pages={1310--1318},
	year={2013}
}
@article{graves2014neural,
	title={Neural turing machines},
	author={Graves, Alex and Wayne, Greg and Danihelka, Ivo},
	journal={arXiv preprint arXiv:1410.5401},
	year={2014}
}
@article{bahdanau2014neural,
	title={Neural machine translation by jointly learning to align and translate},
	author={Bahdanau, Dzmitry and Cho, Kyunghyun and Bengio, Yoshua},
	journal={arXiv preprint arXiv:1409.0473},
	year={2014}
}
@article{luong2015effective,
	title={Effective approaches to attention-based neural machine translation},
	author={Luong, Minh-Thang and Pham, Hieu and Manning, Christopher D},
	journal={arXiv preprint arXiv:1508.04025},
	year={2015}
}
@inproceedings{vaswani2017attention,
	title={Attention is all you need},
	author={Vaswani, Ashish and Shazeer, Noam and Parmar, Niki and Uszkoreit, Jakob and Jones, Llion and Gomez, Aidan N and Kaiser, {\L}ukasz and Polosukhin, Illia},
	booktitle={Advances in neural information processing systems},
	pages={5998--6008},
	year={2017}
}
@incollection{shieber1985evidence,
	title={Evidence against the context-freeness of natural language},
	author={Shieber, Stuart M},
	booktitle={Philosophy, Language, and Artificial Intelligence},
	pages={79--89},
	year={1985},
	publisher={Springer}
}
